@article{choy2002,
  title = "Nontraditional Undergraduates",
  author = "Susan Choy",
  journal = "NCES 2002â€“012",
  year = "2002",
  publisher = "U.S. Department of Education, National Center for Education Statistics",
  url = "https://nces.ed.gov/pubs2002/2002012.pdf"
}

@article{ding2006,
  title = "Evaluating an electricity and magnetism assessment tool: Brief electricity and magnetism assessment",
  author = "Ding, Lin and Chabay, Ruth and Sherwood, Bruce and Beichner, Robert",
  journal = "Phys. Rev. ST Phys. Educ. Res.",
  volume = "2",
  issue = "1",
  pages = "010105",
  numpages = "7",
  year = "2006",
  month = "Mar",
  publisher = "American Physical Society",
  doi = "10.1103/PhysRevSTPER.2.010105",
  url = "http://link.aps.org/doi/10.1103/PhysRevSTPER.2.010105"
}

@article{hake1992,
   author = "Hake, Richard R.",
   title = "Socratic pedagogy in the introductory physics laboratory",
   journal = "The Physics Teacher",
   year = "1992",
   volume = "30",
   number = "9",
   pages = "546-552",
   url = "http://scitation.aip.org/content/aapt/journal/tpt/30/9/10.1119/1.2343637",
   doi = "http://dx.doi.org/10.1119/1.2343637"
}

@article{horn1996,
  title = "Nontraditional Undergraduates: Trends in Enrollment from 1986 to 1992 and Persistance and Attainment Among 1989-90 Beginning Postsecondary Studies",
  author = "Laura J. Horn and C. Dennis Carroll",
  journal = "NCES 97-578",
  year = "1996",
  month = "November",
  publisher = "U.S. Department of Education, National Center for Education Statistics",
  url = "https://nces.ed.gov/pubs/97578.pdf"
}

@article{larkin2002,
  title = "Using Scaffolded Instruction to Optimize Learning",
  author = "Martha Larkin",
  journal = "ERIC Digest",
  year = "2002",
  month = "December",
  publisher = "ERIC Clearinghouse on Disabilities and Gifted Education",
  url = "http://files.eric.ed.gov/fulltext/ED474301.pdf"
}

@article{zeilik2000,
    author  = "Michael Zeilik and Walter Bisard",
    title   = "Conceptual Change in Introductory-Level Astronomy Courses",
    year    = "2000",
    journal = "Journal of College Science Teaching",
    volume  = "29",
    number  = "4",
    pages   = "229--232"
}

@book{chabay2010,
    author    = "Ruth Chabay and Bruce Sherwood",
    title     = "Matter and Interactions",
	volume    = "1",
    year      = "2010",
    publisher = "John Wiley \& Sons, Inc.",
    address   = "111 River Street, Hoboken, NJ 07030-5774"
}

@book{cutnell2009,
    author    = "John D. Cutnell and Kenneth W. Johnson",
    title     = "Introduction to Physics",
	edition   = "8",
    year      = "2009",
	month     = "April",
    publisher = "John Wiley and Sons Ltd."
}

@book{denzin2012,
    author    = "Norman Denzin and Yvonna S. Lincoln",
    title     = "The Landscape of Qualitative Research",
	edition   = "4",
    year      = "2012",
    publisher = "SAGE Publications, Inc",
    address   = "2455 Teller Road, Thousand Oaks, CA 91320"
}

@book{giambattista2009,
    author    = "Alan Giambattista and Betty Richardson and Robert Richardson",
    title     = "Physics",
	edition   = "2",
    year      = "2009",
	month     = "January",
    publisher = "McGraw-Hill Education"
}

@book{hrw2013,
    author    = "David Halliday and Robert Resnick and Jearl Walker",
    title     = "Fundamentals of Physics",
	edition   = "10",
    year      = "2013",
	month     = "August",
    publisher = "Wiley"
}

@book{mazur1997,
    author    = "Eric Mazur",
    title     = "Peer Instruction: A User's Manual",
    year      = "1997",
    publisher = "Prentice-Hall Inc.",
    address   = "Upper Saddle River, NJ 07458"
}

@book{novak1999,
    author    = "Gregor M. Novak and Evelyn T. Patterson and Andrew D. Gavrin and Wolfgang Christian",
    title     = "Just-In-Time Teaching: Blending Active Learning with Web Technology",
    year      = "1999",
    publisher = "Prentice-Hall Inc.",
    address   = "Upper Saddle River, NJ 07458"
}

@book{patton2015,
    author    = "Michael Quinn Patton",
    title     = "Qualitative Research and Evaluation Methods: Integrating Theory and Practice",
	edition   = "4",
    year      = "2015",
	month     = "November",
    publisher = "SAGE Publications Inc.",
    address   = "2455 Teller Road, Thousand Oaks, CA 91320"
}

@book{tipler2003,
    author    = "Paul A. Tipler and Gene Mosca",
    title     = "Physics for Scientists and Engineers: Standard Version",
	edition   = "5",
    year      = "2003",
	month     = "July",
    publisher = "W.H. Freeman"
}

@inproceedings{lindell2012,
	author = "Rebecca Lindell and Lin Ding",
	title = {Establishing reliability and validity: An ongoing process},
	BookTitle = {Physics Education Research Conference 2012},
	pages = {27-29},
	address = {Philadelphia, PA},
	series = {PER Conference Invited Paper},
	volume = {1513},
	month = {August 1-2},
	year = {2012}
}

@misc{sherwood2005,
  author = "Bruce Sherwood",
  institution = "North Carolina State University",
  howpublished = "AAPT Summer Meeting 2005",
  url = "http://matterandinteractions.org/Content/Articles/articles.html",
  month = "August",
  year = "2005",
  title = "Tracking Steps in Multistep Problems"
}

@misc{chabay2014,
  author = "Ruth Chabay and Bruce Sherwood",
  institution = "North Carolina State University",
  howpublished = "AAPT Summer Meeting 2014",
  url = "http://matterandinteractions.org/Content/Articles/articles.html",
  year = "2014",
  title = "Thinking Iteratively"
}

@misc{piazza,
  title = "Piazza",
  url = "https://piazza.com/",
  note = "Accessed: August 2015"
}




