@article{zeilik2000,
    author  = "Michael Zeilik and Walter Bisard",
    title   = "Conceptual Change in Introductory-Level Astronomy Courses",
    year    = "2000",
    journal = "Journal of College Science Teaching",
    volume  = "29",
    number  = "4",
    pages   = "229--232"
}

@book{novak1999,
    author    = "Gregor M. Novak and Evelyn T. Patterson and Andrew D. Gavrin and Wolfgang Christian",
    title     = "Just-In-Time Teaching: Blending Active Learning with Web Technology",
    year      = "1999",
    publisher = "Prentice-Hall Inc.",
    address   = "Upper Saddle River, NJ 07458"
}